%YAML 1.1
%TAG !u! tag:unity3d.com,2011:
--- !u!1 &563862345244955780
GameObject:
  m_ObjectHideFlags: 0
  m_CorrespondingSourceObject: {fileID: 0}
  m_PrefabInstance: {fileID: 0}
  m_PrefabAsset: {fileID: 0}
  serializedVersion: 6
  m_Component:
  - component: {fileID: 113092235914135222}
  - component: {fileID: 2525200785598325430}
  m_Layer: 0
  m_Name: WaitPoint
  m_TagString: Untagged
  m_Icon: {fileID: 0}
  m_NavMeshLayer: 0
  m_StaticEditorFlags: 0
  m_IsActive: 1
--- !u!4 &113092235914135222
Transform:
  m_ObjectHideFlags: 0
  m_CorrespondingSourceObject: {fileID: 0}
  m_PrefabInstance: {fileID: 0}
  m_PrefabAsset: {fileID: 0}
  m_GameObject: {fileID: 563862345244955780}
  m_LocalRotation: {x: -0, y: -0, z: -0, w: 1}
  m_LocalPosition: {x: -4.42, y: 0, z: 0.03}
  m_LocalScale: {x: 1, y: 1, z: 1}
  m_Children: []
  m_Father: {fileID: 9110312194320542879}
  m_RootOrder: 13
  m_LocalEulerAnglesHint: {x: 0, y: 0, z: 0}
--- !u!135 &2525200785598325430
SphereCollider:
  m_ObjectHideFlags: 0
  m_CorrespondingSourceObject: {fileID: 0}
  m_PrefabInstance: {fileID: 0}
  m_PrefabAsset: {fileID: 0}
  m_GameObject: {fileID: 563862345244955780}
  m_Material: {fileID: 0}
  m_IsTrigger: 1
  m_Enabled: 1
  serializedVersion: 2
  m_Radius: 3
  m_Center: {x: 0, y: 0, z: 0}
--- !u!1 &820318976784977354
GameObject:
  m_ObjectHideFlags: 0
  m_CorrespondingSourceObject: {fileID: 0}
  m_PrefabInstance: {fileID: 0}
  m_PrefabAsset: {fileID: 0}
  serializedVersion: 6
  m_Component:
  - component: {fileID: 2518026376462855672}
  - component: {fileID: 2092604488567515624}
  m_Layer: 0
  m_Name: LinePosition (5)
  m_TagString: Untagged
  m_Icon: {fileID: 0}
  m_NavMeshLayer: 0
  m_StaticEditorFlags: 0
  m_IsActive: 1
--- !u!4 &2518026376462855672
Transform:
  m_ObjectHideFlags: 0
  m_CorrespondingSourceObject: {fileID: 0}
  m_PrefabInstance: {fileID: 0}
  m_PrefabAsset: {fileID: 0}
  m_GameObject: {fileID: 820318976784977354}
  m_LocalRotation: {x: 0, y: 0.7071068, z: 0, w: 0.7071068}
  m_LocalPosition: {x: -6.08, y: 0, z: 5.08}
  m_LocalScale: {x: 1, y: 1, z: 1}
  m_Children: []
  m_Father: {fileID: 9110312194320542879}
  m_RootOrder: 10
  m_LocalEulerAnglesHint: {x: 0, y: 90, z: 0}
--- !u!114 &2092604488567515624
MonoBehaviour:
  m_ObjectHideFlags: 0
  m_CorrespondingSourceObject: {fileID: 0}
  m_PrefabInstance: {fileID: 0}
  m_PrefabAsset: {fileID: 0}
  m_GameObject: {fileID: 820318976784977354}
  m_Enabled: 1
  m_EditorHideFlags: 0
  m_Script: {fileID: 11500000, guid: 267e6f6cce100764c8c674538d98886d, type: 3}
  m_Name: 
  m_EditorClassIdentifier: 
  currentClient: {fileID: 0}
--- !u!1 &852698607817959628
GameObject:
  m_ObjectHideFlags: 0
  m_CorrespondingSourceObject: {fileID: 0}
  m_PrefabInstance: {fileID: 0}
  m_PrefabAsset: {fileID: 0}
  serializedVersion: 6
  m_Component:
  - component: {fileID: 5689575586517877511}
  - component: {fileID: 5475657210879193795}
  m_Layer: 0
  m_Name: LinePosition (1)
  m_TagString: Untagged
  m_Icon: {fileID: 0}
  m_NavMeshLayer: 0
  m_StaticEditorFlags: 0
  m_IsActive: 1
--- !u!4 &5689575586517877511
Transform:
  m_ObjectHideFlags: 0
  m_CorrespondingSourceObject: {fileID: 0}
  m_PrefabInstance: {fileID: 0}
  m_PrefabAsset: {fileID: 0}
  m_GameObject: {fileID: 852698607817959628}
  m_LocalRotation: {x: 0, y: 0.7071068, z: 0, w: 0.7071068}
  m_LocalPosition: {x: -2.08, y: 0, z: 5.08}
  m_LocalScale: {x: 1, y: 1, z: 1}
  m_Children: []
  m_Father: {fileID: 9110312194320542879}
  m_RootOrder: 6
  m_LocalEulerAnglesHint: {x: 0, y: 90, z: 0}
--- !u!114 &5475657210879193795
MonoBehaviour:
  m_ObjectHideFlags: 0
  m_CorrespondingSourceObject: {fileID: 0}
  m_PrefabInstance: {fileID: 0}
  m_PrefabAsset: {fileID: 0}
  m_GameObject: {fileID: 852698607817959628}
  m_Enabled: 1
  m_EditorHideFlags: 0
  m_Script: {fileID: 11500000, guid: 267e6f6cce100764c8c674538d98886d, type: 3}
  m_Name: 
  m_EditorClassIdentifier: 
  currentClient: {fileID: 0}
--- !u!114 &1248294452274157541
MonoBehaviour:
  m_ObjectHideFlags: 0
  m_CorrespondingSourceObject: {fileID: 0}
  m_PrefabInstance: {fileID: 0}
  m_PrefabAsset: {fileID: 0}
  m_GameObject: {fileID: 872780377854255294}
  m_Enabled: 1
  m_EditorHideFlags: 0
  m_Script: {fileID: 11500000, guid: 0d1929a30d71eb14787f0e5d90440552, type: 3}
  m_Name: 
  m_EditorClassIdentifier: 
  currentlyAttending: {fileID: 0}
  speed: 1
  baseAttendingTime: 10
  timer: -1
  calling: 0
  attendingClient: 0
  myBar: {fileID: 2131442596841709195}
  currentSpeedLevel: 0
  baseCashierSpeed: 0.5
  speedIncrementStep: 0.2
  customersPerMinute: 0
  baseCashierSpeedUpdateCost:
    shortValue: '00 '
    moneyAmount: 1000
    periods:
    - 
    - k
    - M
    - B
    - T
    - q
    - Q
    - s
    - S
    - o
    - N
    - d
    - U
    - D
    - Td
    - qd
    - Qd
    - sd
    - Sd
    - Od
    - Nd
    - V
    - Uv
    - Dv
    - Tv
    - qv
    - sv
    - Sv
    - Ov
    - Nv
    - Tg
    - Ut
    - Dt
    - Tt
    - qt
    - Qt
    - st
    - St
    - Ot
    - Nt
  currentNextCashierSpeedUpdateCost:
    shortValue: '00 '
    moneyAmount: 0
    periods:
    - 
    - k
    - M
    - B
    - T
    - q
    - Q
    - s
    - S
    - o
    - N
    - d
    - U
    - D
    - Td
    - qd
    - Qd
    - sd
    - Sd
    - Od
    - Nd
    - V
    - Uv
    - Dv
    - Tv
    - qv
    - sv
    - Sv
    - Ov
    - Nv
    - Tg
    - Ut
    - Dt
    - Tt
    - qt
    - Qt
    - st
    - St
    - Ot
    - Nt
--- !u!1 &2199310711142562200
GameObject:
  m_ObjectHideFlags: 0
  m_CorrespondingSourceObject: {fileID: 0}
  m_PrefabInstance: {fileID: 0}
  m_PrefabAsset: {fileID: 0}
  serializedVersion: 6
  m_Component:
  - component: {fileID: 1487633809580452978}
  - component: {fileID: 7289571185368701922}
  m_Layer: 0
  m_Name: LinePosition (6)
  m_TagString: Untagged
  m_Icon: {fileID: 0}
  m_NavMeshLayer: 0
  m_StaticEditorFlags: 0
  m_IsActive: 1
--- !u!4 &1487633809580452978
Transform:
  m_ObjectHideFlags: 0
  m_CorrespondingSourceObject: {fileID: 0}
  m_PrefabInstance: {fileID: 0}
  m_PrefabAsset: {fileID: 0}
  m_GameObject: {fileID: 2199310711142562200}
  m_LocalRotation: {x: 0, y: 0.7071068, z: 0, w: 0.7071068}
  m_LocalPosition: {x: -7.08, y: 0, z: 5.08}
  m_LocalScale: {x: 1, y: 1, z: 1}
  m_Children: []
  m_Father: {fileID: 9110312194320542879}
  m_RootOrder: 11
  m_LocalEulerAnglesHint: {x: 0, y: 90, z: 0}
--- !u!114 &7289571185368701922
MonoBehaviour:
  m_ObjectHideFlags: 0
  m_CorrespondingSourceObject: {fileID: 0}
  m_PrefabInstance: {fileID: 0}
  m_PrefabAsset: {fileID: 0}
  m_GameObject: {fileID: 2199310711142562200}
  m_Enabled: 1
  m_EditorHideFlags: 0
  m_Script: {fileID: 11500000, guid: 267e6f6cce100764c8c674538d98886d, type: 3}
  m_Name: 
  m_EditorClassIdentifier: 
  currentClient: {fileID: 0}
--- !u!1 &2525200785473231306
GameObject:
  m_ObjectHideFlags: 0
  m_CorrespondingSourceObject: {fileID: 0}
  m_PrefabInstance: {fileID: 0}
  m_PrefabAsset: {fileID: 0}
  serializedVersion: 6
  m_Component:
  - component: {fileID: 2525200785473231307}
  m_Layer: 0
  m_Name: RoomSpawn
  m_TagString: Untagged
  m_Icon: {fileID: 0}
  m_NavMeshLayer: 0
  m_StaticEditorFlags: 0
  m_IsActive: 1
--- !u!4 &2525200785473231307
Transform:
  m_ObjectHideFlags: 0
  m_CorrespondingSourceObject: {fileID: 0}
  m_PrefabInstance: {fileID: 0}
  m_PrefabAsset: {fileID: 0}
  m_GameObject: {fileID: 2525200785473231306}
  m_LocalRotation: {x: 0, y: 1, z: 0, w: 0}
  m_LocalPosition: {x: -1.462985, y: 0.12268877, z: -8.156289}
  m_LocalScale: {x: 1, y: 1, z: 1}
  m_Children: []
  m_Father: {fileID: 2495137357153890924}
  m_RootOrder: 1
  m_LocalEulerAnglesHint: {x: 0, y: 180, z: 0}
--- !u!1 &3669585819246735649
GameObject:
  m_ObjectHideFlags: 0
  m_CorrespondingSourceObject: {fileID: 0}
  m_PrefabInstance: {fileID: 0}
  m_PrefabAsset: {fileID: 0}
  serializedVersion: 6
  m_Component:
  - component: {fileID: 6037682562694497039}
  - component: {fileID: 1645025259732157249}
  m_Layer: 0
  m_Name: LinePosition (0)
  m_TagString: Untagged
  m_Icon: {fileID: 0}
  m_NavMeshLayer: 0
  m_StaticEditorFlags: 0
  m_IsActive: 1
--- !u!4 &6037682562694497039
Transform:
  m_ObjectHideFlags: 0
  m_CorrespondingSourceObject: {fileID: 0}
  m_PrefabInstance: {fileID: 0}
  m_PrefabAsset: {fileID: 0}
  m_GameObject: {fileID: 3669585819246735649}
  m_LocalRotation: {x: 0, y: 0.7071068, z: 0, w: 0.7071068}
  m_LocalPosition: {x: -1.08, y: 0, z: 5.08}
  m_LocalScale: {x: 1, y: 1, z: 1}
  m_Children: []
  m_Father: {fileID: 9110312194320542879}
  m_RootOrder: 5
  m_LocalEulerAnglesHint: {x: 0, y: 90, z: 0}
--- !u!114 &1645025259732157249
MonoBehaviour:
  m_ObjectHideFlags: 0
  m_CorrespondingSourceObject: {fileID: 0}
  m_PrefabInstance: {fileID: 0}
  m_PrefabAsset: {fileID: 0}
  m_GameObject: {fileID: 3669585819246735649}
  m_Enabled: 1
  m_EditorHideFlags: 0
  m_Script: {fileID: 11500000, guid: 267e6f6cce100764c8c674538d98886d, type: 3}
  m_Name: 
  m_EditorClassIdentifier: 
  currentClient: {fileID: 0}
--- !u!1 &3681650122996440245
GameObject:
  m_ObjectHideFlags: 0
  m_CorrespondingSourceObject: {fileID: 0}
  m_PrefabInstance: {fileID: 0}
  m_PrefabAsset: {fileID: 0}
  serializedVersion: 6
  m_Component:
  - component: {fileID: 9110312194320542879}
  m_Layer: 0
  m_Name: Navigation
  m_TagString: Untagged
  m_Icon: {fileID: 0}
  m_NavMeshLayer: 0
  m_StaticEditorFlags: 0
  m_IsActive: 1
--- !u!4 &9110312194320542879
Transform:
  m_ObjectHideFlags: 0
  m_CorrespondingSourceObject: {fileID: 0}
  m_PrefabInstance: {fileID: 0}
  m_PrefabAsset: {fileID: 0}
  m_GameObject: {fileID: 3681650122996440245}
  m_LocalRotation: {x: 0, y: 1, z: 0, w: 0}
  m_LocalPosition: {x: -9.46, y: -1.0573112, z: 1.7}
  m_LocalScale: {x: 1, y: 1, z: 1}
  m_Children:
  - {fileID: 4467958070520404917}
  - {fileID: 872780377854255295}
  - {fileID: 4092569654342449542}
  - {fileID: 7603294337509393167}
  - {fileID: 7995287720477145689}
  - {fileID: 6037682562694497039}
  - {fileID: 5689575586517877511}
  - {fileID: 1941979903254738706}
  - {fileID: 7834353343062062211}
  - {fileID: 1781536937165311153}
  - {fileID: 2518026376462855672}
  - {fileID: 1487633809580452978}
  - {fileID: 3694543205177643551}
  - {fileID: 113092235914135222}
  m_Father: {fileID: 2495137357153890924}
  m_RootOrder: 0
  m_LocalEulerAnglesHint: {x: 0, y: 180, z: 0}
--- !u!114 &3866262385756785033
MonoBehaviour:
  m_ObjectHideFlags: 0
  m_CorrespondingSourceObject: {fileID: 0}
  m_PrefabInstance: {fileID: 0}
  m_PrefabAsset: {fileID: 0}
  m_GameObject: {fileID: 4092569654342449543}
  m_Enabled: 1
  m_EditorHideFlags: 0
  m_Script: {fileID: 11500000, guid: 0d1929a30d71eb14787f0e5d90440552, type: 3}
  m_Name: 
  m_EditorClassIdentifier: 
  currentlyAttending: {fileID: 0}
  speed: 1
  baseAttendingTime: 10
  timer: -1
  calling: 0
  attendingClient: 0
  myBar: {fileID: 2973326781401139122}
  currentSpeedLevel: 0
  baseCashierSpeed: 0.5
  speedIncrementStep: 0.2
  customersPerMinute: 0
  baseCashierSpeedUpdateCost:
    shortValue: '00 '
    moneyAmount: 1000
    periods:
    - 
    - k
    - M
    - B
    - T
    - q
    - Q
    - s
    - S
    - o
    - N
    - d
    - U
    - D
    - Td
    - qd
    - Qd
    - sd
    - Sd
    - Od
    - Nd
    - V
    - Uv
    - Dv
    - Tv
    - qv
    - sv
    - Sv
    - Ov
    - Nv
    - Tg
    - Ut
    - Dt
    - Tt
    - qt
    - Qt
    - st
    - St
    - Ot
    - Nt
  currentNextCashierSpeedUpdateCost:
    shortValue: '00 '
    moneyAmount: 0
    periods:
    - 
    - k
    - M
    - B
    - T
    - q
    - Q
    - s
    - S
    - o
    - N
    - d
    - U
    - D
    - Td
    - qd
    - Qd
    - sd
    - Sd
    - Od
    - Nd
    - V
    - Uv
    - Dv
    - Tv
    - qv
    - sv
    - Sv
    - Ov
    - Nv
    - Tg
    - Ut
    - Dt
    - Tt
    - qt
    - Qt
    - st
    - St
    - Ot
    - Nt
--- !u!114 &3344949490632548036
MonoBehaviour:
  m_ObjectHideFlags: 0
  m_CorrespondingSourceObject: {fileID: 0}
  m_PrefabInstance: {fileID: 0}
  m_PrefabAsset: {fileID: 0}
  m_GameObject: {fileID: 4467958070520404916}
  m_Enabled: 1
  m_EditorHideFlags: 0
  m_Script: {fileID: 11500000, guid: 0d1929a30d71eb14787f0e5d90440552, type: 3}
  m_Name: 
  m_EditorClassIdentifier: 
  currentlyAttending: {fileID: 0}
  speed: 1
  baseAttendingTime: 10
  timer: -1
  calling: 0
  attendingClient: 0
  myBar: {fileID: 3425474256664307073}
  currentSpeedLevel: 1
  baseCashierSpeed: 0.5
  speedIncrementStep: 0.2
  customersPerMinute: 0
  baseCashierSpeedUpdateCost:
    shortValue: '00 '
    moneyAmount: 1000
    periods:
    - 
    - k
    - M
    - B
    - T
    - q
    - Q
    - s
    - S
    - o
    - N
    - d
    - U
    - D
    - Td
    - qd
    - Qd
    - sd
    - Sd
    - Od
    - Nd
    - V
    - Uv
    - Dv
    - Tv
    - qv
    - sv
    - Sv
    - Ov
    - Nv
    - Tg
    - Ut
    - Dt
    - Tt
    - qt
    - Qt
    - st
    - St
    - Ot
    - Nt
  currentNextCashierSpeedUpdateCost:
    shortValue: '00 '
    moneyAmount: 0
    periods:
    - 
    - k
    - M
    - B
    - T
    - q
    - Q
    - s
    - S
    - o
    - N
    - d
    - U
    - D
    - Td
    - qd
    - Qd
    - sd
    - Sd
    - Od
    - Nd
    - V
    - Uv
    - Dv
    - Tv
    - qv
    - sv
    - Sv
    - Ov
    - Nv
    - Tg
    - Ut
    - Dt
    - Tt
    - qt
    - Qt
    - st
    - St
    - Ot
    - Nt
--- !u!1 &4515549984140375574
GameObject:
  m_ObjectHideFlags: 0
  m_CorrespondingSourceObject: {fileID: 0}
  m_PrefabInstance: {fileID: 0}
  m_PrefabAsset: {fileID: 0}
  serializedVersion: 6
  m_Component:
  - component: {fileID: 2495137357153890924}
  - component: {fileID: 2493599858252960398}
  - component: {fileID: 4237421710238889055}
  - component: {fileID: 6882801134226214349}
  - component: {fileID: 5743473929335651210}
  m_Layer: 10
  m_Name: RoomRECEPTION
  m_TagString: Untagged
  m_Icon: {fileID: 0}
  m_NavMeshLayer: 0
  m_StaticEditorFlags: 0
  m_IsActive: 1
--- !u!4 &2495137357153890924
Transform:
  m_ObjectHideFlags: 0
  m_CorrespondingSourceObject: {fileID: 0}
  m_PrefabInstance: {fileID: 0}
  m_PrefabAsset: {fileID: 0}
  m_GameObject: {fileID: 4515549984140375574}
  m_LocalRotation: {x: 0, y: 0, z: 0, w: 1}
  m_LocalPosition: {x: 1.462985, y: -0.12268877, z: 8.156289}
  m_LocalScale: {x: 1, y: 1, z: 1}
  m_Children:
  - {fileID: 9110312194320542879}
  - {fileID: 2525200785473231307}
  m_Father: {fileID: 0}
  m_RootOrder: 0
  m_LocalEulerAnglesHint: {x: 0, y: 0, z: 0}
--- !u!114 &2493599858252960398
MonoBehaviour:
  m_ObjectHideFlags: 0
  m_CorrespondingSourceObject: {fileID: 0}
  m_PrefabInstance: {fileID: 0}
  m_PrefabAsset: {fileID: 0}
  m_GameObject: {fileID: 4515549984140375574}
  m_Enabled: 1
  m_EditorHideFlags: 0
  m_Script: {fileID: 11500000, guid: 918ccf821076b984b924a67c6a4583ba, type: 3}
  m_Name: 
  m_EditorClassIdentifier: 
  type: 3
  canvas: {fileID: 0}
  timer: 0
  cont: 1.5
  desiredTime: 1
  startTemp: 0
  cashiers:
  - {fileID: 3344949490632548036}
  - {fileID: 1248294452274157541}
  - {fileID: 3866262385756785033}
  - {fileID: 4425796594266234761}
  - {fileID: 1289586133139314532}
  navigation: {fileID: 0}
  cashiersAmount: 1
  currentCashiers: 1
  addCashierBase:
    shortValue: '00 '
    moneyAmount: 5000
    periods:
    - 
    - k
    - M
    - B
    - T
    - q
    - Q
    - s
    - S
    - o
    - N
    - d
    - U
    - D
    - Td
    - qd
    - Qd
    - sd
    - Sd
    - Od
    - Nd
    - V
    - Uv
    - Dv
    - Tv
    - qv
    - sv
    - Sv
    - Ov
    - Nv
    - Tg
    - Ut
    - Dt
    - Tt
    - qt
    - Qt
    - st
    - St
    - Ot
    - Nt
  addCashierCurrentCost:
    shortValue: '00 '
    moneyAmount: 0
    periods:
    - 
    - k
    - M
    - B
    - T
    - q
    - Q
    - s
    - S
    - o
    - N
    - d
    - U
    - D
    - Td
    - qd
    - Qd
    - sd
    - Sd
    - Od
    - Nd
    - V
    - Uv
    - Dv
    - Tv
    - qv
    - sv
    - Sv
    - Ov
    - Nv
    - Tg
    - Ut
    - Dt
    - Tt
    - qt
    - Qt
    - st
    - St
    - Ot
    - Nt
--- !u!114 &4237421710238889055
MonoBehaviour:
  m_ObjectHideFlags: 0
  m_CorrespondingSourceObject: {fileID: 0}
  m_PrefabInstance: {fileID: 0}
  m_PrefabAsset: {fileID: 0}
  m_GameObject: {fileID: 4515549984140375574}
  m_Enabled: 1
  m_EditorHideFlags: 0
  m_Script: {fileID: 11500000, guid: e35b1f235a745d449a3e70c8fe398588, type: 3}
  m_Name: 
  m_EditorClassIdentifier: 
  attendants:
  - {fileID: 3344949490632548036}
  - {fileID: 1248294452274157541}
  - {fileID: 3866262385756785033}
  - {fileID: 4425796594266234761}
  - {fileID: 1289586133139314532}
  entryPoint: {fileID: 3694543205177643551}
  exitPoint: {fileID: 3694543205177643551}
  myLinePositions: []
  clientsInLine: []
  waitingClients: []
  waitPoint: {fileID: 113092235914135222}
  waitingAreaRadius: 0
  waitingMove: 0
  pathFromEntrance: {fileID: 0}
  myAddress:
    level: 1
    sector: 1
    spot: 1
  nextAddress:
    level: 0
    sector: 0
    spot: 0
--- !u!114 &6882801134226214349
MonoBehaviour:
  m_ObjectHideFlags: 0
  m_CorrespondingSourceObject: {fileID: 0}
  m_PrefabInstance: {fileID: 0}
  m_PrefabAsset: {fileID: 0}
  m_GameObject: {fileID: 4515549984140375574}
  m_Enabled: 1
  m_EditorHideFlags: 0
  m_Script: {fileID: 11500000, guid: ab1ef5b894d30894a9991d617c7fe550, type: 3}
  m_Name: 
  m_EditorClassIdentifier: 
  roomName: 
  roomImage: {fileID: 0}
  buildingPrice:
    shortValue: '00 '
    moneyAmount: 0
    periods:
    - 
    - k
    - M
    - B
    - T
    - q
    - Q
    - s
    - S
    - o
    - N
    - d
    - U
    - D
    - Td
    - qd
    - Qd
    - sd
    - Sd
    - Od
    - Nd
    - V
    - Uv
    - Dv
    - Tv
    - qv
    - sv
    - Sv
    - Ov
    - Nv
    - Tg
    - Ut
    - Dt
    - Tt
    - qt
    - Qt
    - st
    - St
    - Ot
    - Nt
  desiredLevel: 3
  currentLevel: 0
  baseNextLevelCost:
    shortValue: '00 '
    moneyAmount: 0
    periods:
    - 
    - k
    - M
    - B
    - T
    - q
    - Q
    - s
    - S
    - o
    - N
    - d
    - U
    - D
    - Td
    - qd
    - Qd
    - sd
    - Sd
    - Od
    - Nd
    - V
    - Uv
    - Dv
    - Tv
    - qv
    - sv
    - Sv
    - Ov
    - Nv
    - Tg
    - Ut
    - Dt
    - Tt
    - qt
    - Qt
    - st
    - St
    - Ot
    - Nt
  currentNextLevelCost:
    shortValue: '00 '
    moneyAmount: 0
    periods:
    - 
    - k
    - M
    - B
    - T
    - q
    - Q
    - s
    - S
    - o
    - N
    - d
    - U
    - D
    - Td
    - qd
    - Qd
    - sd
    - Sd
    - Od
    - Nd
    - V
    - Uv
    - Dv
    - Tv
    - qv
    - sv
    - Sv
    - Ov
    - Nv
    - Tg
    - Ut
    - Dt
    - Tt
    - qt
    - Qt
    - st
    - St
    - Ot
    - Nt
  baseIncome:
    shortValue: '00 '
    moneyAmount: 0
    periods:
    - 
    - k
    - M
    - B
    - T
    - q
    - Q
    - s
    - S
    - o
    - N
    - d
    - U
    - D
    - Td
    - qd
    - Qd
    - sd
    - Sd
    - Od
    - Nd
    - V
    - Uv
    - Dv
    - Tv
    - qv
    - sv
    - Sv
    - Ov
    - Nv
    - Tg
    - Ut
    - Dt
    - Tt
    - qt
    - Qt
    - st
    - St
    - Ot
    - Nt
  currentIncome:
    shortValue: '00 '
    moneyAmount: 0
    periods:
    - 
    - k
    - M
    - B
    - T
    - q
    - Q
    - s
    - S
    - o
    - N
    - d
    - U
    - D
    - Td
    - qd
    - Qd
    - sd
    - Sd
    - Od
    - Nd
    - V
    - Uv
    - Dv
    - Tv
    - qv
    - sv
    - Sv
    - Ov
    - Nv
    - Tg
    - Ut
    - Dt
    - Tt
    - qt
    - Qt
    - st
    - St
    - Ot
    - Nt
  desiredAttendants: 1
  currentAttendants: 0
  baseAttendantsAmountUpdate:
    shortValue: '00 '
    moneyAmount: 0
    periods:
    - 
    - k
    - M
    - B
    - T
    - q
    - Q
    - s
    - S
    - o
    - N
    - d
    - U
    - D
    - Td
    - qd
    - Qd
    - sd
    - Sd
    - Od
    - Nd
    - V
    - Uv
    - Dv
    - Tv
    - qv
    - sv
    - Sv
    - Ov
    - Nv
    - Tg
    - Ut
    - Dt
    - Tt
    - qt
    - Qt
    - st
    - St
    - Ot
    - Nt
  currentAttendantsAmountUpdate:
    shortValue: '00 '
    moneyAmount: 0
    periods:
    - 
    - k
    - M
    - B
    - T
    - q
    - Q
    - s
    - S
    - o
    - N
    - d
    - U
    - D
    - Td
    - qd
    - Qd
    - sd
    - Sd
    - Od
    - Nd
    - V
    - Uv
    - Dv
    - Tv
    - qv
    - sv
    - Sv
    - Ov
    - Nv
    - Tg
    - Ut
    - Dt
    - Tt
    - qt
    - Qt
    - st
    - St
    - Ot
    - Nt
  desiredSpeedLevel: 1
  speedLevel: 0
  baseAttendSpeed: 0.5
  speedIncrementStep: 0.5
  currentAttendSpeed: 0
  baseAttendSpeedUpdateCost:
    shortValue: '00 '
    moneyAmount: 0
    periods:
    - 
    - k
    - M
    - B
    - T
    - q
    - Q
    - s
    - S
    - o
    - N
    - d
    - U
    - D
    - Td
    - qd
    - Qd
    - sd
    - Sd
    - Od
    - Nd
    - V
    - Uv
    - Dv
    - Tv
    - qv
    - sv
    - Sv
    - Ov
    - Nv
    - Tg
    - Ut
    - Dt
    - Tt
    - qt
    - Qt
    - st
    - St
    - Ot
    - Nt
  currentNextAttendSpeedUpdateCost:
    shortValue: '00 '
    moneyAmount: 0
    periods:
    - 
    - k
    - M
    - B
    - T
    - q
    - Q
    - s
    - S
    - o
    - N
    - d
    - U
    - D
    - Td
    - qd
    - Qd
    - sd
    - Sd
    - Od
    - Nd
    - V
    - Uv
    - Dv
    - Tv
    - qv
    - sv
    - Sv
    - Ov
    - Nv
    - Tg
    - Ut
    - Dt
    - Tt
    - qt
    - Qt
    - st
    - St
    - Ot
    - Nt
  desiredModelLevel: 3
  currentModelLevel: 1
  levelPrefabs:
  - {fileID: 6758829307834660882, guid: c7b8f3ee5c739bb4a982cd36b35cb27a, type: 3}
  - {fileID: 3437258733943881444, guid: 59c0b217ea364de44b27de4989c3ca55, type: 3}
  - {fileID: 590666192112946427, guid: e0baa119a42e512439b7d0bf70d0d3b9, type: 3}
  currentLevelRoom: {fileID: 0}
--- !u!65 &5743473929335651210
BoxCollider:
  m_ObjectHideFlags: 0
  m_CorrespondingSourceObject: {fileID: 0}
  m_PrefabInstance: {fileID: 0}
  m_PrefabAsset: {fileID: 0}
  m_GameObject: {fileID: 4515549984140375574}
  m_Material: {fileID: 0}
  m_IsTrigger: 0
  m_Enabled: 1
  serializedVersion: 2
  m_Size: {x: 5.269764, y: 2.347866, z: 10.450796}
  m_Center: {x: -14.470425, y: -0.53131676, z: 1.7025537}
--- !u!1 &6393366308827221228
GameObject:
  m_ObjectHideFlags: 0
  m_CorrespondingSourceObject: {fileID: 0}
  m_PrefabInstance: {fileID: 0}
  m_PrefabAsset: {fileID: 0}
  serializedVersion: 6
  m_Component:
  - component: {fileID: 3694543205177643551}
  - component: {fileID: 6428066905084448774}
  - component: {fileID: 2001527987060152861}
  m_Layer: 0
  m_Name: EntryPoint
  m_TagString: Untagged
  m_Icon: {fileID: 0}
  m_NavMeshLayer: 0
  m_StaticEditorFlags: 0
  m_IsActive: 1
--- !u!4 &3694543205177643551
Transform:
  m_ObjectHideFlags: 0
  m_CorrespondingSourceObject: {fileID: 0}
  m_PrefabInstance: {fileID: 0}
  m_PrefabAsset: {fileID: 0}
  m_GameObject: {fileID: 6393366308827221228}
  m_LocalRotation: {x: -0, y: -0, z: -0, w: 1}
  m_LocalPosition: {x: 0.67, y: 0, z: -5.31}
  m_LocalScale: {x: 1, y: 1, z: 1}
  m_Children: []
  m_Father: {fileID: 9110312194320542879}
  m_RootOrder: 12
  m_LocalEulerAnglesHint: {x: 0, y: 0, z: 0}
--- !u!65 &6428066905084448774
BoxCollider:
  m_ObjectHideFlags: 0
  m_CorrespondingSourceObject: {fileID: 0}
  m_PrefabInstance: {fileID: 0}
  m_PrefabAsset: {fileID: 0}
  m_GameObject: {fileID: 6393366308827221228}
  m_Material: {fileID: 0}
  m_IsTrigger: 1
  m_Enabled: 1
  serializedVersion: 2
  m_Size: {x: 1.64, y: 3, z: 1.97}
  m_Center: {x: 0, y: 1, z: 0}
--- !u!114 &2001527987060152861
MonoBehaviour:
  m_ObjectHideFlags: 0
  m_CorrespondingSourceObject: {fileID: 0}
  m_PrefabInstance: {fileID: 0}
  m_PrefabAsset: {fileID: 0}
  m_GameObject: {fileID: 6393366308827221228}
  m_Enabled: 1
  m_EditorHideFlags: 0
  m_Script: {fileID: 11500000, guid: bd3e0c9af5e33b146a06a743eb89e447, type: 3}
  m_Name: 
  m_EditorClassIdentifier: 
  myRoomNav: {fileID: 4237421710238889055}
--- !u!1 &7293364240670339084
GameObject:
  m_ObjectHideFlags: 0
  m_CorrespondingSourceObject: {fileID: 0}
  m_PrefabInstance: {fileID: 0}
  m_PrefabAsset: {fileID: 0}
  serializedVersion: 6
  m_Component:
  - component: {fileID: 1941979903254738706}
  - component: {fileID: 8124307233923983259}
  m_Layer: 0
  m_Name: LinePosition (2)
  m_TagString: Untagged
  m_Icon: {fileID: 0}
  m_NavMeshLayer: 0
  m_StaticEditorFlags: 0
  m_IsActive: 1
--- !u!4 &1941979903254738706
Transform:
  m_ObjectHideFlags: 0
  m_CorrespondingSourceObject: {fileID: 0}
  m_PrefabInstance: {fileID: 0}
  m_PrefabAsset: {fileID: 0}
  m_GameObject: {fileID: 7293364240670339084}
  m_LocalRotation: {x: 0, y: 0.7071068, z: 0, w: 0.7071068}
  m_LocalPosition: {x: -3.08, y: 0, z: 5.08}
  m_LocalScale: {x: 1, y: 1, z: 1}
  m_Children: []
  m_Father: {fileID: 9110312194320542879}
  m_RootOrder: 7
  m_LocalEulerAnglesHint: {x: 0, y: 90, z: 0}
--- !u!114 &8124307233923983259
MonoBehaviour:
  m_ObjectHideFlags: 0
  m_CorrespondingSourceObject: {fileID: 0}
  m_PrefabInstance: {fileID: 0}
  m_PrefabAsset: {fileID: 0}
  m_GameObject: {fileID: 7293364240670339084}
  m_Enabled: 1
  m_EditorHideFlags: 0
  m_Script: {fileID: 11500000, guid: 267e6f6cce100764c8c674538d98886d, type: 3}
  m_Name: 
  m_EditorClassIdentifier: 
  currentClient: {fileID: 0}
--- !u!114 &4425796594266234761
MonoBehaviour:
  m_ObjectHideFlags: 0
  m_CorrespondingSourceObject: {fileID: 0}
  m_PrefabInstance: {fileID: 0}
  m_PrefabAsset: {fileID: 0}
  m_GameObject: {fileID: 7603294337509393166}
  m_Enabled: 1
  m_EditorHideFlags: 0
  m_Script: {fileID: 11500000, guid: 0d1929a30d71eb14787f0e5d90440552, type: 3}
  m_Name: 
  m_EditorClassIdentifier: 
  currentlyAttending: {fileID: 0}
  speed: 1
  baseAttendingTime: 10
  timer: -1
  calling: 0
  attendingClient: 0
  myBar: {fileID: 8650440119388568891}
  currentSpeedLevel: 0
  baseCashierSpeed: 0.5
  speedIncrementStep: 0.2
  customersPerMinute: 0
  baseCashierSpeedUpdateCost:
    shortValue: '00 '
    moneyAmount: 1000
    periods:
    - 
    - k
    - M
    - B
    - T
    - q
    - Q
    - s
    - S
    - o
    - N
    - d
    - U
    - D
    - Td
    - qd
    - Qd
    - sd
    - Sd
    - Od
    - Nd
    - V
    - Uv
    - Dv
    - Tv
    - qv
    - sv
    - Sv
    - Ov
    - Nv
    - Tg
    - Ut
    - Dt
    - Tt
    - qt
    - Qt
    - st
    - St
    - Ot
    - Nt
  currentNextCashierSpeedUpdateCost:
    shortValue: '00 '
    moneyAmount: 0
    periods:
    - 
    - k
    - M
    - B
    - T
    - q
    - Q
    - s
    - S
    - o
    - N
    - d
    - U
    - D
    - Td
    - qd
    - Qd
    - sd
    - Sd
    - Od
    - Nd
    - V
    - Uv
    - Dv
    - Tv
    - qv
    - sv
    - Sv
    - Ov
    - Nv
    - Tg
    - Ut
    - Dt
    - Tt
    - qt
    - Qt
    - st
    - St
    - Ot
    - Nt
--- !u!1 &7731900389588495606
GameObject:
  m_ObjectHideFlags: 0
  m_CorrespondingSourceObject: {fileID: 0}
  m_PrefabInstance: {fileID: 0}
  m_PrefabAsset: {fileID: 0}
  serializedVersion: 6
  m_Component:
  - component: {fileID: 7834353343062062211}
  - component: {fileID: 8820005985174887182}
  m_Layer: 0
  m_Name: LinePosition (3)
  m_TagString: Untagged
  m_Icon: {fileID: 0}
  m_NavMeshLayer: 0
  m_StaticEditorFlags: 0
  m_IsActive: 1
--- !u!4 &7834353343062062211
Transform:
  m_ObjectHideFlags: 0
  m_CorrespondingSourceObject: {fileID: 0}
  m_PrefabInstance: {fileID: 0}
  m_PrefabAsset: {fileID: 0}
  m_GameObject: {fileID: 7731900389588495606}
  m_LocalRotation: {x: 0, y: 0.7071068, z: 0, w: 0.7071068}
  m_LocalPosition: {x: -4.08, y: 0, z: 5.08}
  m_LocalScale: {x: 1, y: 1, z: 1}
  m_Children: []
  m_Father: {fileID: 9110312194320542879}
  m_RootOrder: 8
  m_LocalEulerAnglesHint: {x: 0, y: 90, z: 0}
--- !u!114 &8820005985174887182
MonoBehaviour:
  m_ObjectHideFlags: 0
  m_CorrespondingSourceObject: {fileID: 0}
  m_PrefabInstance: {fileID: 0}
  m_PrefabAsset: {fileID: 0}
  m_GameObject: {fileID: 7731900389588495606}
  m_Enabled: 1
  m_EditorHideFlags: 0
  m_Script: {fileID: 11500000, guid: 267e6f6cce100764c8c674538d98886d, type: 3}
  m_Name: 
  m_EditorClassIdentifier: 
  currentClient: {fileID: 0}
--- !u!114 &1289586133139314532
MonoBehaviour:
  m_ObjectHideFlags: 0
  m_CorrespondingSourceObject: {fileID: 0}
  m_PrefabInstance: {fileID: 0}
  m_PrefabAsset: {fileID: 0}
  m_GameObject: {fileID: 7995287720477145688}
  m_Enabled: 1
  m_EditorHideFlags: 0
  m_Script: {fileID: 11500000, guid: 0d1929a30d71eb14787f0e5d90440552, type: 3}
  m_Name: 
  m_EditorClassIdentifier: 
  currentlyAttending: {fileID: 0}
  speed: 1
  baseAttendingTime: 10
  timer: -1
  calling: 0
  attendingClient: 0
  myBar: {fileID: 9186267147441587309}
  currentSpeedLevel: 0
  baseCashierSpeed: 0.5
  speedIncrementStep: 0.2
  customersPerMinute: 0
  baseCashierSpeedUpdateCost:
    shortValue: '00 '
    moneyAmount: 1000
    periods:
    - 
    - k
    - M
    - B
    - T
    - q
    - Q
    - s
    - S
    - o
    - N
    - d
    - U
    - D
    - Td
    - qd
    - Qd
    - sd
    - Sd
    - Od
    - Nd
    - V
    - Uv
    - Dv
    - Tv
    - qv
    - sv
    - Sv
    - Ov
    - Nv
    - Tg
    - Ut
    - Dt
    - Tt
    - qt
    - Qt
    - st
    - St
    - Ot
    - Nt
  currentNextCashierSpeedUpdateCost:
    shortValue: '00 '
    moneyAmount: 0
    periods:
    - 
    - k
    - M
    - B
    - T
    - q
    - Q
    - s
    - S
    - o
    - N
    - d
    - U
    - D
    - Td
    - qd
    - Qd
    - sd
    - Sd
    - Od
    - Nd
    - V
    - Uv
    - Dv
    - Tv
    - qv
    - sv
    - Sv
    - Ov
    - Nv
    - Tg
    - Ut
    - Dt
    - Tt
    - qt
    - Qt
    - st
    - St
    - Ot
    - Nt
--- !u!1 &8023399525934153584
GameObject:
  m_ObjectHideFlags: 0
  m_CorrespondingSourceObject: {fileID: 0}
  m_PrefabInstance: {fileID: 0}
  m_PrefabAsset: {fileID: 0}
  serializedVersion: 6
  m_Component:
  - component: {fileID: 1781536937165311153}
  - component: {fileID: 6607773435279584417}
  m_Layer: 0
  m_Name: LinePosition (4)
  m_TagString: Untagged
  m_Icon: {fileID: 0}
  m_NavMeshLayer: 0
  m_StaticEditorFlags: 0
  m_IsActive: 1
--- !u!4 &1781536937165311153
Transform:
  m_ObjectHideFlags: 0
  m_CorrespondingSourceObject: {fileID: 0}
  m_PrefabInstance: {fileID: 0}
  m_PrefabAsset: {fileID: 0}
  m_GameObject: {fileID: 8023399525934153584}
  m_LocalRotation: {x: 0, y: 0.7071068, z: 0, w: 0.7071068}
  m_LocalPosition: {x: -5.08, y: 0, z: 5.08}
  m_LocalScale: {x: 1, y: 1, z: 1}
  m_Children: []
  m_Father: {fileID: 9110312194320542879}
  m_RootOrder: 9
  m_LocalEulerAnglesHint: {x: 0, y: 90, z: 0}
--- !u!114 &6607773435279584417
MonoBehaviour:
  m_ObjectHideFlags: 0
  m_CorrespondingSourceObject: {fileID: 0}
  m_PrefabInstance: {fileID: 0}
  m_PrefabAsset: {fileID: 0}
  m_GameObject: {fileID: 8023399525934153584}
  m_Enabled: 1
  m_EditorHideFlags: 0
  m_Script: {fileID: 11500000, guid: 267e6f6cce100764c8c674538d98886d, type: 3}
  m_Name: 
  m_EditorClassIdentifier: 
  currentClient: {fileID: 0}
--- !u!1001 &1180193223948480054
PrefabInstance:
  m_ObjectHideFlags: 0
  serializedVersion: 2
  m_Modification:
    m_TransformParent: {fileID: 9110312194320542879}
    m_Modifications:
    - target: {fileID: 1436337227097755334, guid: 0f4fb7dc9999e064e96883123d161ad2,
        type: 3}
      propertyPath: m_PresetInfoIsWorld
      value: 1
      objectReference: {fileID: 0}
    - target: {fileID: 3328914388711287666, guid: 0f4fb7dc9999e064e96883123d161ad2,
        type: 3}
      propertyPath: m_LocalPosition.y
      value: 0
      objectReference: {fileID: 0}
    - target: {fileID: 9120937865126221584, guid: 0f4fb7dc9999e064e96883123d161ad2,
        type: 3}
      propertyPath: m_LocalPosition.z
      value: -2.82
      objectReference: {fileID: 0}
    - target: {fileID: 9120937865169114222, guid: 0f4fb7dc9999e064e96883123d161ad2,
        type: 3}
      propertyPath: m_Name
      value: DeskAttender (4)
      objectReference: {fileID: 0}
    - target: {fileID: 9120937865169114222, guid: 0f4fb7dc9999e064e96883123d161ad2,
        type: 3}
      propertyPath: m_IsActive
      value: 0
      objectReference: {fileID: 0}
    - target: {fileID: 9120937865169114223, guid: 0f4fb7dc9999e064e96883123d161ad2,
        type: 3}
      propertyPath: m_RootOrder
      value: 4
      objectReference: {fileID: 0}
    - target: {fileID: 9120937865169114223, guid: 0f4fb7dc9999e064e96883123d161ad2,
        type: 3}
      propertyPath: m_LocalPosition.x
      value: 3.69
      objectReference: {fileID: 0}
    - target: {fileID: 9120937865169114223, guid: 0f4fb7dc9999e064e96883123d161ad2,
        type: 3}
      propertyPath: m_LocalPosition.y
      value: 0
      objectReference: {fileID: 0}
    - target: {fileID: 9120937865169114223, guid: 0f4fb7dc9999e064e96883123d161ad2,
        type: 3}
      propertyPath: m_LocalPosition.z
      value: 2.67
      objectReference: {fileID: 0}
    - target: {fileID: 9120937865169114223, guid: 0f4fb7dc9999e064e96883123d161ad2,
        type: 3}
      propertyPath: m_LocalRotation.w
      value: 0.71276087
      objectReference: {fileID: 0}
    - target: {fileID: 9120937865169114223, guid: 0f4fb7dc9999e064e96883123d161ad2,
        type: 3}
      propertyPath: m_LocalRotation.x
      value: -0
      objectReference: {fileID: 0}
    - target: {fileID: 9120937865169114223, guid: 0f4fb7dc9999e064e96883123d161ad2,
        type: 3}
      propertyPath: m_LocalRotation.y
      value: 0.70140713
      objectReference: {fileID: 0}
    - target: {fileID: 9120937865169114223, guid: 0f4fb7dc9999e064e96883123d161ad2,
        type: 3}
      propertyPath: m_LocalRotation.z
      value: -0
      objectReference: {fileID: 0}
    - target: {fileID: 9120937865169114223, guid: 0f4fb7dc9999e064e96883123d161ad2,
        type: 3}
      propertyPath: m_LocalEulerAnglesHint.x
      value: 0
      objectReference: {fileID: 0}
    - target: {fileID: 9120937865169114223, guid: 0f4fb7dc9999e064e96883123d161ad2,
        type: 3}
      propertyPath: m_LocalEulerAnglesHint.y
      value: 0
      objectReference: {fileID: 0}
    - target: {fileID: 9120937865169114223, guid: 0f4fb7dc9999e064e96883123d161ad2,
        type: 3}
      propertyPath: m_LocalEulerAnglesHint.z
      value: 0
      objectReference: {fileID: 0}
    m_RemovedComponents:
    - {fileID: 6167994228873610676, guid: 0f4fb7dc9999e064e96883123d161ad2, type: 3}
  m_SourcePrefab: {fileID: 100100000, guid: 0f4fb7dc9999e064e96883123d161ad2, type: 3}
--- !u!114 &9186267147441587309 stripped
MonoBehaviour:
  m_CorrespondingSourceObject: {fileID: 8006500974264674907, guid: 0f4fb7dc9999e064e96883123d161ad2,
    type: 3}
  m_PrefabInstance: {fileID: 1180193223948480054}
  m_PrefabAsset: {fileID: 0}
  m_GameObject: {fileID: 0}
  m_Enabled: 1
  m_EditorHideFlags: 0
  m_Script: {fileID: 11500000, guid: fe87c0e1cc204ed48ad3b37840f39efc, type: 3}
  m_Name: 
  m_EditorClassIdentifier: 
--- !u!1 &7995287720477145688 stripped
GameObject:
  m_CorrespondingSourceObject: {fileID: 9120937865169114222, guid: 0f4fb7dc9999e064e96883123d161ad2,
    type: 3}
  m_PrefabInstance: {fileID: 1180193223948480054}
  m_PrefabAsset: {fileID: 0}
--- !u!4 &7995287720477145689 stripped
Transform:
  m_CorrespondingSourceObject: {fileID: 9120937865169114223, guid: 0f4fb7dc9999e064e96883123d161ad2,
    type: 3}
  m_PrefabInstance: {fileID: 1180193223948480054}
  m_PrefabAsset: {fileID: 0}
--- !u!1001 &1661906618308892512
PrefabInstance:
  m_ObjectHideFlags: 0
  serializedVersion: 2
  m_Modification:
    m_TransformParent: {fileID: 9110312194320542879}
    m_Modifications:
    - target: {fileID: 3328914388711287666, guid: 0f4fb7dc9999e064e96883123d161ad2,
        type: 3}
      propertyPath: m_LocalPosition.y
      value: 0
      objectReference: {fileID: 0}
    - target: {fileID: 9120937865126221584, guid: 0f4fb7dc9999e064e96883123d161ad2,
        type: 3}
      propertyPath: m_LocalPosition.z
      value: -2.82
      objectReference: {fileID: 0}
    - target: {fileID: 9120937865169114222, guid: 0f4fb7dc9999e064e96883123d161ad2,
        type: 3}
      propertyPath: m_Name
      value: DeskAttender (3)
      objectReference: {fileID: 0}
    - target: {fileID: 9120937865169114222, guid: 0f4fb7dc9999e064e96883123d161ad2,
        type: 3}
      propertyPath: m_IsActive
      value: 0
      objectReference: {fileID: 0}
    - target: {fileID: 9120937865169114223, guid: 0f4fb7dc9999e064e96883123d161ad2,
        type: 3}
      propertyPath: m_RootOrder
      value: 3
      objectReference: {fileID: 0}
    - target: {fileID: 9120937865169114223, guid: 0f4fb7dc9999e064e96883123d161ad2,
        type: 3}
      propertyPath: m_LocalPosition.x
      value: 3.76
      objectReference: {fileID: 0}
    - target: {fileID: 9120937865169114223, guid: 0f4fb7dc9999e064e96883123d161ad2,
        type: 3}
      propertyPath: m_LocalPosition.y
      value: 0
      objectReference: {fileID: 0}
    - target: {fileID: 9120937865169114223, guid: 0f4fb7dc9999e064e96883123d161ad2,
        type: 3}
      propertyPath: m_LocalPosition.z
      value: -1.39
      objectReference: {fileID: 0}
    - target: {fileID: 9120937865169114223, guid: 0f4fb7dc9999e064e96883123d161ad2,
        type: 3}
      propertyPath: m_LocalRotation.w
      value: 0.71276087
      objectReference: {fileID: 0}
    - target: {fileID: 9120937865169114223, guid: 0f4fb7dc9999e064e96883123d161ad2,
        type: 3}
      propertyPath: m_LocalRotation.x
      value: -0
      objectReference: {fileID: 0}
    - target: {fileID: 9120937865169114223, guid: 0f4fb7dc9999e064e96883123d161ad2,
        type: 3}
      propertyPath: m_LocalRotation.y
      value: 0.70140713
      objectReference: {fileID: 0}
    - target: {fileID: 9120937865169114223, guid: 0f4fb7dc9999e064e96883123d161ad2,
        type: 3}
      propertyPath: m_LocalRotation.z
      value: -0
      objectReference: {fileID: 0}
    - target: {fileID: 9120937865169114223, guid: 0f4fb7dc9999e064e96883123d161ad2,
        type: 3}
      propertyPath: m_LocalEulerAnglesHint.x
      value: 0
      objectReference: {fileID: 0}
    - target: {fileID: 9120937865169114223, guid: 0f4fb7dc9999e064e96883123d161ad2,
        type: 3}
      propertyPath: m_LocalEulerAnglesHint.y
      value: 0
      objectReference: {fileID: 0}
    - target: {fileID: 9120937865169114223, guid: 0f4fb7dc9999e064e96883123d161ad2,
        type: 3}
      propertyPath: m_LocalEulerAnglesHint.z
      value: 0
      objectReference: {fileID: 0}
    m_RemovedComponents:
    - {fileID: 6167994228873610676, guid: 0f4fb7dc9999e064e96883123d161ad2, type: 3}
  m_SourcePrefab: {fileID: 100100000, guid: 0f4fb7dc9999e064e96883123d161ad2, type: 3}
--- !u!114 &8650440119388568891 stripped
MonoBehaviour:
  m_CorrespondingSourceObject: {fileID: 8006500974264674907, guid: 0f4fb7dc9999e064e96883123d161ad2,
    type: 3}
  m_PrefabInstance: {fileID: 1661906618308892512}
  m_PrefabAsset: {fileID: 0}
  m_GameObject: {fileID: 0}
  m_Enabled: 1
  m_EditorHideFlags: 0
  m_Script: {fileID: 11500000, guid: fe87c0e1cc204ed48ad3b37840f39efc, type: 3}
  m_Name: 
  m_EditorClassIdentifier: 
--- !u!4 &7603294337509393167 stripped
Transform:
  m_CorrespondingSourceObject: {fileID: 9120937865169114223, guid: 0f4fb7dc9999e064e96883123d161ad2,
    type: 3}
  m_PrefabInstance: {fileID: 1661906618308892512}
  m_PrefabAsset: {fileID: 0}
--- !u!1 &7603294337509393166 stripped
GameObject:
  m_CorrespondingSourceObject: {fileID: 9120937865169114222, guid: 0f4fb7dc9999e064e96883123d161ad2,
    type: 3}
  m_PrefabInstance: {fileID: 1661906618308892512}
  m_PrefabAsset: {fileID: 0}
--- !u!1001 &4653753989352247258
PrefabInstance:
  m_ObjectHideFlags: 0
  serializedVersion: 2
  m_Modification:
    m_TransformParent: {fileID: 9110312194320542879}
    m_Modifications:
    - target: {fileID: 3328914388711287666, guid: 0f4fb7dc9999e064e96883123d161ad2,
        type: 3}
      propertyPath: m_LocalPosition.y
      value: 0
      objectReference: {fileID: 0}
    - target: {fileID: 9120937865126221584, guid: 0f4fb7dc9999e064e96883123d161ad2,
        type: 3}
      propertyPath: m_LocalPosition.z
      value: -2.82
      objectReference: {fileID: 0}
    - target: {fileID: 9120937865169114222, guid: 0f4fb7dc9999e064e96883123d161ad2,
        type: 3}
      propertyPath: m_Name
      value: DeskAttender (0)
      objectReference: {fileID: 0}
    - target: {fileID: 9120937865169114222, guid: 0f4fb7dc9999e064e96883123d161ad2,
        type: 3}
      propertyPath: m_IsActive
      value: 0
      objectReference: {fileID: 0}
    - target: {fileID: 9120937865169114223, guid: 0f4fb7dc9999e064e96883123d161ad2,
        type: 3}
      propertyPath: m_RootOrder
      value: 0
      objectReference: {fileID: 0}
    - target: {fileID: 9120937865169114223, guid: 0f4fb7dc9999e064e96883123d161ad2,
        type: 3}
      propertyPath: m_LocalPosition.x
      value: 3.732112
      objectReference: {fileID: 0}
    - target: {fileID: 9120937865169114223, guid: 0f4fb7dc9999e064e96883123d161ad2,
        type: 3}
      propertyPath: m_LocalPosition.y
      value: 0
      objectReference: {fileID: 0}
    - target: {fileID: 9120937865169114223, guid: 0f4fb7dc9999e064e96883123d161ad2,
        type: 3}
      propertyPath: m_LocalPosition.z
      value: 0.29025745
      objectReference: {fileID: 0}
    - target: {fileID: 9120937865169114223, guid: 0f4fb7dc9999e064e96883123d161ad2,
        type: 3}
      propertyPath: m_LocalRotation.w
      value: 0.71276087
      objectReference: {fileID: 0}
    - target: {fileID: 9120937865169114223, guid: 0f4fb7dc9999e064e96883123d161ad2,
        type: 3}
      propertyPath: m_LocalRotation.x
      value: -0
      objectReference: {fileID: 0}
    - target: {fileID: 9120937865169114223, guid: 0f4fb7dc9999e064e96883123d161ad2,
        type: 3}
      propertyPath: m_LocalRotation.y
      value: 0.70140713
      objectReference: {fileID: 0}
    - target: {fileID: 9120937865169114223, guid: 0f4fb7dc9999e064e96883123d161ad2,
        type: 3}
      propertyPath: m_LocalRotation.z
      value: -0
      objectReference: {fileID: 0}
    - target: {fileID: 9120937865169114223, guid: 0f4fb7dc9999e064e96883123d161ad2,
        type: 3}
      propertyPath: m_LocalEulerAnglesHint.x
      value: 0
      objectReference: {fileID: 0}
    - target: {fileID: 9120937865169114223, guid: 0f4fb7dc9999e064e96883123d161ad2,
        type: 3}
      propertyPath: m_LocalEulerAnglesHint.y
      value: 0
      objectReference: {fileID: 0}
    - target: {fileID: 9120937865169114223, guid: 0f4fb7dc9999e064e96883123d161ad2,
        type: 3}
      propertyPath: m_LocalEulerAnglesHint.z
      value: 0
      objectReference: {fileID: 0}
    m_RemovedComponents:
    - {fileID: 6167994228873610676, guid: 0f4fb7dc9999e064e96883123d161ad2, type: 3}
  m_SourcePrefab: {fileID: 100100000, guid: 0f4fb7dc9999e064e96883123d161ad2, type: 3}
--- !u!114 &3425474256664307073 stripped
MonoBehaviour:
  m_CorrespondingSourceObject: {fileID: 8006500974264674907, guid: 0f4fb7dc9999e064e96883123d161ad2,
    type: 3}
  m_PrefabInstance: {fileID: 4653753989352247258}
  m_PrefabAsset: {fileID: 0}
  m_GameObject: {fileID: 0}
  m_Enabled: 1
  m_EditorHideFlags: 0
  m_Script: {fileID: 11500000, guid: fe87c0e1cc204ed48ad3b37840f39efc, type: 3}
  m_Name: 
  m_EditorClassIdentifier: 
--- !u!4 &4467958070520404917 stripped
Transform:
  m_CorrespondingSourceObject: {fileID: 9120937865169114223, guid: 0f4fb7dc9999e064e96883123d161ad2,
    type: 3}
  m_PrefabInstance: {fileID: 4653753989352247258}
  m_PrefabAsset: {fileID: 0}
--- !u!1 &4467958070520404916 stripped
GameObject:
  m_CorrespondingSourceObject: {fileID: 9120937865169114222, guid: 0f4fb7dc9999e064e96883123d161ad2,
    type: 3}
  m_PrefabInstance: {fileID: 4653753989352247258}
  m_PrefabAsset: {fileID: 0}
--- !u!1001 &5070963858224410089
PrefabInstance:
  m_ObjectHideFlags: 0
  serializedVersion: 2
  m_Modification:
    m_TransformParent: {fileID: 9110312194320542879}
    m_Modifications:
    - target: {fileID: 3328914388711287666, guid: 0f4fb7dc9999e064e96883123d161ad2,
        type: 3}
      propertyPath: m_LocalPosition.y
      value: 0
      objectReference: {fileID: 0}
    - target: {fileID: 9120937865126221584, guid: 0f4fb7dc9999e064e96883123d161ad2,
        type: 3}
      propertyPath: m_LocalPosition.z
      value: -2.82
      objectReference: {fileID: 0}
    - target: {fileID: 9120937865169114222, guid: 0f4fb7dc9999e064e96883123d161ad2,
        type: 3}
      propertyPath: m_Name
      value: DeskAttender (2)
      objectReference: {fileID: 0}
    - target: {fileID: 9120937865169114222, guid: 0f4fb7dc9999e064e96883123d161ad2,
        type: 3}
      propertyPath: m_IsActive
      value: 0
      objectReference: {fileID: 0}
    - target: {fileID: 9120937865169114223, guid: 0f4fb7dc9999e064e96883123d161ad2,
        type: 3}
      propertyPath: m_RootOrder
      value: 2
      objectReference: {fileID: 0}
    - target: {fileID: 9120937865169114223, guid: 0f4fb7dc9999e064e96883123d161ad2,
        type: 3}
      propertyPath: m_LocalPosition.x
      value: 3.67
      objectReference: {fileID: 0}
    - target: {fileID: 9120937865169114223, guid: 0f4fb7dc9999e064e96883123d161ad2,
        type: 3}
      propertyPath: m_LocalPosition.y
      value: 0
      objectReference: {fileID: 0}
    - target: {fileID: 9120937865169114223, guid: 0f4fb7dc9999e064e96883123d161ad2,
        type: 3}
      propertyPath: m_LocalPosition.z
      value: 4.39
      objectReference: {fileID: 0}
    - target: {fileID: 9120937865169114223, guid: 0f4fb7dc9999e064e96883123d161ad2,
        type: 3}
      propertyPath: m_LocalRotation.w
      value: 0.71276087
      objectReference: {fileID: 0}
    - target: {fileID: 9120937865169114223, guid: 0f4fb7dc9999e064e96883123d161ad2,
        type: 3}
      propertyPath: m_LocalRotation.x
      value: -0
      objectReference: {fileID: 0}
    - target: {fileID: 9120937865169114223, guid: 0f4fb7dc9999e064e96883123d161ad2,
        type: 3}
      propertyPath: m_LocalRotation.y
      value: 0.70140713
      objectReference: {fileID: 0}
    - target: {fileID: 9120937865169114223, guid: 0f4fb7dc9999e064e96883123d161ad2,
        type: 3}
      propertyPath: m_LocalRotation.z
      value: -0
      objectReference: {fileID: 0}
    - target: {fileID: 9120937865169114223, guid: 0f4fb7dc9999e064e96883123d161ad2,
        type: 3}
      propertyPath: m_LocalEulerAnglesHint.x
      value: 0
      objectReference: {fileID: 0}
    - target: {fileID: 9120937865169114223, guid: 0f4fb7dc9999e064e96883123d161ad2,
        type: 3}
      propertyPath: m_LocalEulerAnglesHint.y
      value: 0
      objectReference: {fileID: 0}
    - target: {fileID: 9120937865169114223, guid: 0f4fb7dc9999e064e96883123d161ad2,
        type: 3}
      propertyPath: m_LocalEulerAnglesHint.z
      value: 0
      objectReference: {fileID: 0}
    m_RemovedComponents:
    - {fileID: 6167994228873610676, guid: 0f4fb7dc9999e064e96883123d161ad2, type: 3}
  m_SourcePrefab: {fileID: 100100000, guid: 0f4fb7dc9999e064e96883123d161ad2, type: 3}
--- !u!114 &2973326781401139122 stripped
MonoBehaviour:
  m_CorrespondingSourceObject: {fileID: 8006500974264674907, guid: 0f4fb7dc9999e064e96883123d161ad2,
    type: 3}
  m_PrefabInstance: {fileID: 5070963858224410089}
  m_PrefabAsset: {fileID: 0}
  m_GameObject: {fileID: 0}
  m_Enabled: 1
  m_EditorHideFlags: 0
  m_Script: {fileID: 11500000, guid: fe87c0e1cc204ed48ad3b37840f39efc, type: 3}
  m_Name: 
  m_EditorClassIdentifier: 
--- !u!4 &4092569654342449542 stripped
Transform:
  m_CorrespondingSourceObject: {fileID: 9120937865169114223, guid: 0f4fb7dc9999e064e96883123d161ad2,
    type: 3}
  m_PrefabInstance: {fileID: 5070963858224410089}
  m_PrefabAsset: {fileID: 0}
--- !u!1 &4092569654342449543 stripped
GameObject:
  m_CorrespondingSourceObject: {fileID: 9120937865169114222, guid: 0f4fb7dc9999e064e96883123d161ad2,
    type: 3}
  m_PrefabInstance: {fileID: 5070963858224410089}
  m_PrefabAsset: {fileID: 0}
--- !u!1001 &8253032722952336592
PrefabInstance:
  m_ObjectHideFlags: 0
  serializedVersion: 2
  m_Modification:
    m_TransformParent: {fileID: 9110312194320542879}
    m_Modifications:
    - target: {fileID: 3328914388711287666, guid: 0f4fb7dc9999e064e96883123d161ad2,
        type: 3}
      propertyPath: m_LocalPosition.y
      value: 0
      objectReference: {fileID: 0}
    - target: {fileID: 9120937865126221584, guid: 0f4fb7dc9999e064e96883123d161ad2,
        type: 3}
      propertyPath: m_LocalPosition.z
      value: -2.82
      objectReference: {fileID: 0}
    - target: {fileID: 9120937865169114222, guid: 0f4fb7dc9999e064e96883123d161ad2,
        type: 3}
      propertyPath: m_Name
      value: DeskAttender (1)
      objectReference: {fileID: 0}
    - target: {fileID: 9120937865169114222, guid: 0f4fb7dc9999e064e96883123d161ad2,
        type: 3}
      propertyPath: m_IsActive
      value: 0
      objectReference: {fileID: 0}
    - target: {fileID: 9120937865169114223, guid: 0f4fb7dc9999e064e96883123d161ad2,
        type: 3}
      propertyPath: m_RootOrder
      value: 1
      objectReference: {fileID: 0}
    - target: {fileID: 9120937865169114223, guid: 0f4fb7dc9999e064e96883123d161ad2,
        type: 3}
      propertyPath: m_LocalPosition.x
      value: 3.8
      objectReference: {fileID: 0}
    - target: {fileID: 9120937865169114223, guid: 0f4fb7dc9999e064e96883123d161ad2,
        type: 3}
      propertyPath: m_LocalPosition.y
      value: 0
      objectReference: {fileID: 0}
    - target: {fileID: 9120937865169114223, guid: 0f4fb7dc9999e064e96883123d161ad2,
        type: 3}
      propertyPath: m_LocalPosition.z
      value: -3.77
      objectReference: {fileID: 0}
    - target: {fileID: 9120937865169114223, guid: 0f4fb7dc9999e064e96883123d161ad2,
        type: 3}
      propertyPath: m_LocalRotation.w
      value: 0.71276087
      objectReference: {fileID: 0}
    - target: {fileID: 9120937865169114223, guid: 0f4fb7dc9999e064e96883123d161ad2,
        type: 3}
      propertyPath: m_LocalRotation.x
      value: -0
      objectReference: {fileID: 0}
    - target: {fileID: 9120937865169114223, guid: 0f4fb7dc9999e064e96883123d161ad2,
        type: 3}
      propertyPath: m_LocalRotation.y
      value: 0.70140713
      objectReference: {fileID: 0}
    - target: {fileID: 9120937865169114223, guid: 0f4fb7dc9999e064e96883123d161ad2,
        type: 3}
      propertyPath: m_LocalRotation.z
      value: -0
      objectReference: {fileID: 0}
    - target: {fileID: 9120937865169114223, guid: 0f4fb7dc9999e064e96883123d161ad2,
        type: 3}
      propertyPath: m_LocalEulerAnglesHint.x
      value: 0
      objectReference: {fileID: 0}
    - target: {fileID: 9120937865169114223, guid: 0f4fb7dc9999e064e96883123d161ad2,
        type: 3}
      propertyPath: m_LocalEulerAnglesHint.y
      value: 0
      objectReference: {fileID: 0}
    - target: {fileID: 9120937865169114223, guid: 0f4fb7dc9999e064e96883123d161ad2,
        type: 3}
      propertyPath: m_LocalEulerAnglesHint.z
      value: 0
      objectReference: {fileID: 0}
    m_RemovedComponents:
    - {fileID: 6167994228873610676, guid: 0f4fb7dc9999e064e96883123d161ad2, type: 3}
  m_SourcePrefab: {fileID: 100100000, guid: 0f4fb7dc9999e064e96883123d161ad2, type: 3}
--- !u!4 &872780377854255295 stripped
Transform:
  m_CorrespondingSourceObject: {fileID: 9120937865169114223, guid: 0f4fb7dc9999e064e96883123d161ad2,
    type: 3}
  m_PrefabInstance: {fileID: 8253032722952336592}
  m_PrefabAsset: {fileID: 0}
--- !u!1 &872780377854255294 stripped
GameObject:
  m_CorrespondingSourceObject: {fileID: 9120937865169114222, guid: 0f4fb7dc9999e064e96883123d161ad2,
    type: 3}
  m_PrefabInstance: {fileID: 8253032722952336592}
  m_PrefabAsset: {fileID: 0}
--- !u!114 &2131442596841709195 stripped
MonoBehaviour:
  m_CorrespondingSourceObject: {fileID: 8006500974264674907, guid: 0f4fb7dc9999e064e96883123d161ad2,
    type: 3}
  m_PrefabInstance: {fileID: 8253032722952336592}
  m_PrefabAsset: {fileID: 0}
  m_GameObject: {fileID: 0}
  m_Enabled: 1
  m_EditorHideFlags: 0
  m_Script: {fileID: 11500000, guid: fe87c0e1cc204ed48ad3b37840f39efc, type: 3}
  m_Name: 
  m_EditorClassIdentifier: 
